@misc{ubuntu,
note = "Canonical. [Online]. Available from: \url{http://www.ubuntu.com/} [Accessed 7 September 2016]."
}
@misc{debian,
note = "Debian. [Online]. Available from: \url{https://www.debian.org/} [Accessed 7 September 2016]."
}
@misc{paperOwnHoneypot,
note = "R. Berthier, J. Arjona, M. Cukier (2009). Analyzing the process of installing rogue software. [Online]. Available from: IEEE Xplore. \url{http://ieeexplore.ieee.org/stamp/stamp.jsp?tp=&arnumber=5270293}. [Accessed 5 March 2016]"
}
@misc{paperWithKippo,
note = "Valli, C., Rabadia, P., Woodward, A. and Research Online (2015). Patterns and patter - an investigation into SSH activity using Kippo Honeypots. [Online]. Available from: \url{http://ro.ecu.edu.au/cgi/viewcontent.cgi?article=1128&context=adf} [Accessed 19 June 2016]."
}

@misc{cowrie,
note = "micheloosterhof (2016). Micheloosterhof/cowrie [Online]. Available from: \url{https://github.com/micheloosterhof/cowrie} [Accessed 7 September 2016]."
}

@misc{cve,
note = "Common vulnerabilities and exposures (CVE) (1999). [Online]. Available from: \url{https://cve.mitre.org/} [Accessed 7 September 2016]."
}

@misc{paperHoneynetProj,
note = "L. Spitzner (2003). The Honeynet Project: Trapping the Hackers. [Online]. Available from: IEEE Xplore.  \url{http://ieeexplore.ieee.org/stamp/stamp.jsp?arnumber=1193207} [Accessed 5 March 2016]."
}

@misc{paperAnalyzingProcess,
note = "R. Berthier, J. Arjona, M. Cukier (2009). Analyzing the process of installing rogue software. [Online]. Available from: IEEE Xplore. \url{http://ieeexplore.ieee.org/stamp/stamp.jsp?tp=&arnumber=5270293}. [Accessed 5 March 2016]."
}

@misc{paperAnEmpirical,
note = "G. Salles-Loustau, R. Berthier, E. Collange, B. Sobesto, M. Cukier (2011). Characterizing Attackers and Attacks: An Empirical Study. [Online].  Available from: IEEE Xplore. \url{http://ieeexplore.ieee.org/stamp/stamp.jsp?tp=&arnumber=6133079}. [Accessed 5 March 2016]."
}

@misc{kojoney,
note = "madirish (2015). Madirish/kojoney2 [Online]. Available from: \url{https://github.com/madirish/kojoney2} [Accessed 7 September 2016]."
}

@misc{vt,
note = "Free online virus, Malware and URL scanner (n.d.). [Online]. Available from: \url{https://www.virustotal.com/} [Accessed 7 September 2016]."
}

@misc{paperIntroLinuxBased,
note = "An Introduction to Linux-based malware (n.d.). [Online]. SANS Institute. Available from: \url{https://www.sans.org/reading-room/whitepapers/malicious/introduction-linux-based-malware-36097} [Accessed 19 June 2016]."
}

@misc{paperPsyBot,
note = "LukášˇdurfinaJakub, Křoustek, P. and Zemek (n.d.). Psyb0t Malware: A step-by-step Decompilation case study. [Online]. Available from: \url{https://www.computer.org/csdl/proceedings/wcre/2013/9999/00/06671321.pdf} [Accessed 19 June 2016]."
}

@misc{paperLimon,
note = "Monnappa, K. A. (n.d.). Automating Linux Malware Analysis Using Limon Sandbox. [Online]. Available from: \url{https://www.blackhat.com/docs/eu-15/materials/eu-15-KA-Automating-Linux-Malware-Analysis-Using-Limon-Sandbox-wp.pdf} [Accessed 19 June 2016]."
}

@misc{paperPackedMalware,
note = "Yan, W., Zhang, Z. and Ansari, N. (2008). Revealing packed Malware. [Online]. IEEE. Available from: \url{http://ieeexplore.ieee.org/stamp/stamp.jsp?tp=&arnumber=4639028} [Accessed 19 June 2016]."
}

@misc{paperHoneyDroid,
note = "Mulliner, C., Liebergeld, S. and Lange, M. (2011). Poster: HoneyDroid -creating a Smartphone Honeypot. [Online]. Available from: \url{http://www.ieee-security.org/TC/SP2011/posters/HoneyDroid__Creating_a_Smart_Phone_Honeypot.pdf} [Accessed 7 September 2016]."
}

@misc{honeynetProject,
note = "The Honeynet project (2016). [Online]. Available from: \url{https://www.honeynet.org/} [Accessed 7 September 2016]."
}

@misc{honeySnap,
note = "honeynet (2010). Honeynet/honeysnap [Online]. Available from: \url{https://github.com/honeynet/honeysnap} [Accessed 7 September 2016]."
}

@misc{kippo,
note = "desaster (2015). Desaster/kippo [Online]. Available from: \url{https://github.com/desaster/kippo} [Accessed 7 September 2016]."
}

@misc{ovh,
note = "Web hosting, cloud computing and dedicated servers- OVH (2016). [Online]. Available from: \url{https://www.ovh.com} [Accessed 7 September 2016]."
}

@misc{github,
note = "GitHub (2016). Build software better, together [Online]. Available from: \url{https://github.com/} [Accessed 7 September 2016]."
}

@misc{mysql,
note = "MySQL (2016). [Online]. Available from: \url{http://www.mysql.com/} [Accessed 7 September 2016]."
}

@misc{kippograph,
note = "ikoniaris (2016). Ikoniaris/kippo-graph [Online]. Available from: \url{https://github.com/ikoniaris/kippo-graph} [Accessed 7 September 2016]."
}

@misc{apache,
note = "the Apache HTTP server project (1997). [Online]. Available from: \url{https://httpd.apache.org/} [Accessed 7 September 2016]."
}

@misc{nginx,
note = "Nginx (2009). [Online]. Available from: https://nginx.org/ [Accessed 7 September 2016]."
}

@misc{msa,
note = "Yann Ferrere (2016). Ferrery1/ProjectResearch Malware Strings Analyzer [Online]. Available from: \url{https://github.com/ferrery1/ProjectResearch/tree/master/utils/malwareStringsAnalyzer} [Accessed 7 September 2016]."
}

@misc{sqlite,
note = "SQLite (n.d.). [Online]. Available from: \url{https://www.sqlite.org/} [Accessed 7 September 2016]."
}

@misc{readelf,
note = "inux man pages: Readelf (1) (n.d.). [Online]. Available from: \url{http://www.manpages.info/linux/readelf.1.html} [Accessed 7 September 2016]."
}

@misc{id3,
note = "Hssina, B., Merbouha, A., Ezzikouri, H. and Erritali, M. (n.d.). A comparative study of decision tree ID3 and C4.5. [Online]. Available from: \url{http://saiconference.com/Downloads/SpecialIssueNo10/Paper_3-A_comparative_study_of_decision_tree_ID3_and_C4.5.pdf} [Accessed 7 September 2016]."
}

@misc{tmp,
note = ""
}